@INPROCEEDINGS{cite:1,

  author={Filipenko, Maksim and Afanasyev, Ilya},

  booktitle={2018 International Conference on Intelligent Systems (IS)}, 

  title={Comparison of Various SLAM Systems for Mobile Robot in an Indoor Environment}, 

  year={2018},

  volume={},

  number={},

  pages={400-407},

  doi={10.1109/IS.2018.8710464}}
@INPROCEEDINGS{cite:2,

  author={Takezawa, S. and Herath, D.C. and Dissanayake, G.},

  booktitle={2004 IEEE/RSJ International Conference on Intelligent Robots and Systems (IROS) (IEEE Cat. No.04CH37566)}, 

  title={SLAM in indoor environments with stereo vision}, 

  year={2004},

  volume={2},

  number={},

  pages={1866-1871 vol.2},

  doi={10.1109/IROS.2004.1389669}}
@article{cite:3,
  doi = {10.48550/ARXIV.1809.02989},
  url = {https://arxiv.org/abs/1809.02989},
  author = {Das, Sagarnil},
  keywords = {Robotics (cs.RO), FOS: Computer and information sciences, FOS: Computer and information sciences},
  title = {Simultaneous Localization and Mapping (SLAM) using RTAB-MAP},
  publisher = {arXiv},
  year = {2018},
  copyright = {Creative Commons Attribution 4.0 International}
}
@article{cite:4,
  title={Comparison of ROS-based visual SLAM methods in homogeneous indoor environment},
  author={Ilmir Z. Ibragimov and Ilya M. Afanasyev},
  journal={2017 14th Workshop on Positioning, Navigation and Communications (WPNC)},
  year={2017},
  pages={1-6}
}
@inproceedings{cite:5,
  title={RTAB-Map as an Open-Source Lidar and Visual SLAM Library for Large-Scale and Long-Term Online Operation},
  author={Mathieu Labb{\'e}},
  year={2018}
}


