@article{cite:1
  title={Comparison of ROS-based visual SLAM methods in homogeneous indoor environment},
  author={Ilmir Z. Ibragimov and Ilya M. Afanasyev},
  journal={2017 14th Workshop on Positioning, Navigation and Communications (WPNC)},
  year={2017},
  pages={1-6}
}
@inproceedings{cite:2,
  title={RTAB-Map as an Open-Source Lidar and Visual SLAM Library for Large-Scale and Long-Term Online Operation},
  author={Mathieu Labb{\'e}},
  year={2018}
}
@article{cite:3,
  doi = {10.48550/ARXIV.1809.02989},
  url = {https://arxiv.org/abs/1809.02989},
  author = {Das, Sagarnil},
  keywords = {Robotics (cs.RO), FOS: Computer and information sciences, FOS: Computer and information sciences},
  title = {Simultaneous Localization and Mapping (SLAM) using RTAB-MAP},
  publisher = {arXiv},
  year = {2018},
  copyright = {Creative Commons Attribution 4.0 International}
}

